
%%ROBLES ----------------------------------------------------------------------------------------------------



%%ESTRELLA ----------------------------------------------------------------------------------------------------

@misc{referenciaestrella1,
		author = {José Sánchez Vázquez, Maria Vélez Elorza, Pedro Araújo Pinzón},
		title = {Balanced Scorecard para emprendedores: desde el Modelo Canvas al Cuadro de Mando Integral },
		year = {2015},
		howpublished = {Recuperado de  {https://url2.cl/8RyTY}},
		note = {Accedido 12-06-2020}
	}

@misc{referenciaestrella2,
		author = {Edith Carmen Muñoz},
		title = {Cuadro de Mando Integral (Balanced Scorecard) para la gestión bibliotecaria: pautas para una aplicación},
		year = {2009},
		howpublished = {Recuperado de  {https://url2.cl/wJ11G}},
		note = {Accedido 12-06-2020}
	}

@misc{referenciaestrella3,
		author = {Anthony J. Gómez Morales},
		title = {El Balanced Scorecard o Cuadro de Mando Integral y el Cuadro de Mando Tradicional: principales diferencias},
		year = {2005},
		howpublished = {Recuperado de  {https://url2.cl/BRx8W}},
		note = {Accedido 12-06-2020}
	}


@misc{referenciaestrella4,
		author = {Alberto Fernández},
		title = {El Balanced Scorecard: ayudando a implantar la estrategia},
		year = {2001},
		howpublished = {Recuperado de  {https://n9.cl/kqzb}},
		note = {Accedido 12-06-2020}
	}


%% SOSA ----------------------------------------------------------------------------------------------------------




%% TORRES ------------------------------------------------------------------------------------------------------

